@CONFERENCE{clark,
  author = {Alan Clark},
  title = {Analysis, measurement and modelling of Jitter},
  booktitle = {Telchemy Incorporated},
  year = {2003},
}

@MISC{FMC,
  author = {\mbox{OECD Digital Economy Papers (2012)}},
  title = {Fixed and mobile networks: substitution, complementarity and convergence [Электронный ресурс]},
  howpublished = {Электронные данные},
  note = {Режим доступа: \url{http://dx.doi.org/10.1787/5k91d4jwzg7b-en}. --- Дата
        доступа: 25.07.2013},
  timestamp = {25.07.2013}
}


@BOOK{lte,
  title = {Сети мобильной связи LTE технологии и архитектура},
  publisher = {М.: Эко-Трендз},
  year = {2010},
  editor = {},
  author = {Тихвинский В. О., Терентьев C.B., Юрчук А. Б.},
  pages = {284}
}

@MISC{LteSimDoc,
  author = {\mbox{Centre Tecnològic de Telecomunicacions de Catalunya (CTTC)}},
  title = {LTE Simulator Documentation Release M6 [Электронный ресурс]},
  howpublished = {Электронные данные},
  note = {Режим доступа: \url{http://iptechwiki.cttc.es/images/e/e3/Lte-sim-doc.pdf}. --- Дата
	доступа: 25.07.2013},
  timestamp = {25.07.2013},
  language = {english}
}

@ARTICLE{SAdouble_feedback,
  author = {Gene Cheung, Wai-Tian Tan, Takeshi Yoshimura},
  title = {Double feedback streaming agent for real-time delivery of media over 3G wireless networks},
  journal = {IEEE transactions on multimedia},
  year = {2004},
  volume = {6},
  issue = {2},
  pages = {304-314},
  language = {english}
}

@ARTICLE{SArateOpt,
  author = {Philip A. Chou, Zhourong Miao},
  title = {Rate-distortion optimized streaming of packetized media},
  journal = {IEEE transactions on multimedia},
  year = {2006},
  volume = {8},
  issue = {2},
  pages = {390-404},
  language = {english}
}


@ARTICLE{SArealtime,
  author = {Gene Cheung, Wai-Tian Tan, Takeshi Yoshimura},
  title = {Real-time video transport optimization using streaming agent over 3G wireless networks},
  journal = {IEEE transactions on multimedia},
  year = {2005},
  volume = {7},
  issue = {4},
  pages = {777-785},
  language = {english}
}

@ARTICLE{Friis,
  author = {Friis, H.T.},
  title = {A Note on a Simple Transmission Formula},
  journal = {Proceedings of the IRE},
  year = {1946},
  volume = {34},
  issue = {5},
  pages = {254-256},
  language = {english}
}

@MISC{3GPPTS36213,
  author = {\mbox{3GPP TS 36.213}},
  title = {E-UTRA Physical layer procedures},
  timestamp = {25.07.2013},
  language = {english}
}

@MISC{R1-081483,
  author = {\mbox{3GPP R1-081483}},
  title = {Conveying MCS and TB size via PDCCH},
  timestamp = {25.07.2013},
  language = {english}
}


@MISC{ TS36104 ,
  author = {\mbox{3GPP TS 36.104 V8.0.0}},
  title = {3rd Generation Partnership Project; Technical Specification Group Radio Access Network; Evolved Universal Terrestrial Radio Access (E-UTRA); Base Station (BS) radio transmission and reception (Release 8)},
  timestamp = {25.07.2013},
  language = {english}
}


@ARTICLE{iks,
  author = {Рэнди Бекер},
  title = {Тестирование LTE-приемника: ключевые факторы ухудшения распространения сигнала},
  journal = {ИКС},
  year = {2010},
  number = {01-02},
  pages = {82 -83}
}


@MISC{ G1020 ,
  author = {\mbox{Recommendation ITU-T G.1020 (11/03)}},
  title = {Performance parameter definitions for quality of speech and other voiceband applications utilizing IP networks},
  timestamp = {25.07.2013},
  language = {english}
}

@ARTICLE{Moon,
  author = {Sue B. Moon, Jim Kurose, Don Towsley},
  title = {Packet audio playout delay adjustment: performance bounds and algorithms},
  journal = {Multimedia Systems},
  year = {1998},
  number = {6},
  pages = {17-28}
}

@ARTICLE{Ramjee,
  author = {Ramjee R., Kurose J., Towsley D.},
  title = {Adaptive playout mechanisms for packetized audio applications in wide-area networks},
  journal = {INFOCOM 94},
  year = {1994},
  volume = {2},
  pages = {680-688},
}


@ARTICLE{Chernavskiy,
  author = { Чернавский А.В.},
  title = {Кусочно линейная аппроксимация вложений многообразий в коразмерностях, больших двух.},
  journal = {Матем. сб.},
  volume = 82,
  number = 3,
  year = {1970},
  pages = {499-500},
  publisher = {М.: Наука},
  language = {russian}
}


@ARTICLE{Rasina,
  author = {Расина И.В.},
  title = {Дискретно-непрерывные модели и оптимизация управляемых процессов.},
  journal = {Программные системы: теория и приложения.},
  year = {2011},
  pages = {49-72},
  publisher = {М.: Наука},
  language = {russian}
}


@CONFERENCE{RobustFilter,
  author = {P. Ruckdeschel},
  title = {Optimally Robust Kalman Filtering},
  booktitle = {Fraunhofer ITWM},
  year = {2010},
}



@ARTICLE{IMS,
  author = {\mbox{Бабин А.И.}},
  title = {Конвергенция стационарной и мобильной связи: взгляд в будущее},
  howpublished = {Электронные данные},
  journal = {Фундаментальные исследования},
  number = {6},
  pages = {124-127},
  timestamp = {06.08.2013},
  language = {russian}
}


@MISC{ericsson,
  author = {\mbox{Ericsson}},
  title = {Ericsson mobility report June 2013 [Электронный ресурс]},
  howpublished = {Электронные данные},
  note = {Режим доступа: \url{http://www.slideshare.net/Ericsson/ericsson-mobility-report-june-2013}. --- Дата
        доступа: 06.08.2013},
  timestamp = {06.08.2013},
  language = {english}
}

@MISC{ericsson_backgrounder,
  author = {\mbox{Ericsson}},
  title = {Press backgrounder VoLTE (January, 2013) [Электронный ресурс]},
  howpublished = {Электронные данные},
  note = {Режим доступа: \url{http://www.ericsson.com/res/thecompany/docs/corpinfo/volte_backgrounder.pdf}. --- Дата
        доступа: 06.08.2013},
  timestamp = {06.08.2013},
  language = {english}
}

@MISC{ericsson_volte,
  author = {\mbox{Ericsson}},
  title = {Voice and video calling over LTE - a step towards future telephony [Электронный ресурс]},
  howpublished = {Электронные данные},
  note = {Режим доступа: \url{http://www.ericsson.com/res/docs/whitepapers/WP-Voice-Video-Calling-LTE.pdf}. --- Дата
        доступа: 06.08.2013},
  timestamp = {06.08.2013},
  language = {english}
}

@MISC{ir92,
  author = {\mbox{GSMA IR.92}},
  title = { IMS Profile for Voice and SMS V4.0},
  timestamp = {25.07.2013},
  language = {english}
}

@MISC{ir94,
  author = {\mbox{GSMA IR.94}},
  title = { IMS Profile for Conversational Video},
  timestamp = {25.07.2013},
  language = {english}
}


@ARTICLE{Klekis,
  author = {\mbox{Клёкис Э. А.}},
  title = {Сравнительный анализ алгоритмов фильтрации для помех, содержащих выбросы},
  journal = {Труды Академии наук Литовской ССР. Серия Б.},
  pages = {85-91},
  year = {1985},
  timestamp = {06.08.2013},
  language = {russian}
}

@ARTICLE{masreliez_ieee,
  author = {\mbox{Masreliez C. J.}},
  title = {Approximate non- Gaussian filtering with linear state and observation relations},
  journal = { IEEE Transactions on Automatic Control},
  year = {1975},
  volume = {20},
  number = {1},
  pages = {107-110},
  language = {english}
}

@ARTICLE{masreliez_martin,
  author = {\mbox{Masreliez C. J., Martin R. D.}},
  title = {Robust Bayesian Estimation for the Linear Model and Robustifying the Kalman Filter},
  journal = {IEEE Transactions on Automatic Control},
  year = {1977},
  volume = {22},
  number = {3},
  pages = {361-371},
  language = {english}
}

@ARTICLE{ershov_lipcer,
  author = {\mbox{Ершов А. А., Липцер Р. Ш.}},
  title = {Робастный фильтр Калмана в дискретном времени},
  journal = {Автоматика и телемеханика},
  year = {1978},
  number = {3},
  pages = {60-69},
  language = {russian}
}

@ARTICLE{ershov,
  author = {\mbox{Ершов А. А.}},
  title = { Робастные алгоритмы фильтрации},
  journal = {Автоматика и телемеханика},
  year = {1978},
  number = {7},
  pages = {68-73},
  language = {russian}
}

@ARTICLE{cipkin,
  author = {\mbox{Цыпкин Я. З., Поляк Б. Т.}},
  title = {Огрубленный метод максимального правдоподобия},
  journal = {В кн.: Динамика систем. Математические методы теории колебаний},
  year = {1977},
  number = {22},
  pages = {22-46},
  language = {russian}
}





