@ARTICLE{my1,
  author = {\mbox{Поповский В. В., Ощепков М. Ю., Кобрин А. В.}},
  title = {Алгоритмы предварительной компенсации джиттера при передачи потокового видео в беспроводных сетях},
  journal = {Вестник ДУИКТ},
  year = {2012},
  pages = {11-18},
  volume = {10},
  number = {1},
  language = {russian}
}

@ARTICLE{my2,
  author = {\mbox{Поповский В. В., Кобрин А. В., Тур Б. С.}},
  title = {Разработка алгоритма оценки джиттера с помощью рекурсивных фильтров},
  journal = {Сборник научных работ ДонИЖТ},
  year = {2013},
  pages = {108-113},
  number = {33},
  language = {russian}
}

@ARTICLE{my3,
  author = {\mbox{Кобрин А. В.}},
  title = {Адаптивный буфер компенсации джиттера задержки прибытия пакетов на основе робастного фильтра Калмана},
  journal = {Проблемы телекоммуникаций},
  year = {2013},
  pages = {72-81},
  number = {1},
  language = {russian},
  note = {Режим доступа: \url{http://pt.journal.kh.ua/2013/1/1/131_kobrin_jitter.pdf}. --- Дата доступа: 06.08.2013},
}

@ARTICLE{my4,
  author = {\mbox{Кобрин А. В., Тур Б. С.}},
  title = {Оценка задержки с помощью робастного фильтра Калмана},
  journal = {Весник НТУ <<ХПИ>>},
  year = {2013},
  pages = {108-113},
  number = {33},
  language = {russian}
}


@BOOK{popovski,
  title = {Математические основы управления и адаптации в телекоммуникационных системах},
  publisher = {Харьков: СМИТ},
  year = {2011},
  editor = {},
  author = {\mbox{Поповский В. В., Олейник В. Ф.}},
  pages = {361}
}


@ARTICLE{rokovoy,
  author = {\mbox{Роковой А. П.}},
  title = {Способ адаптивного регулирования джиттера буфера в VoIP},
  journal = {Весник НТУУ <<КПИ>> Информатика, управление и вычислительная техника},
  year = {2013},
  pages = {199-204},
  number = {55},
  language = {russian}
}

@BOOK{seij,
  title = {Теория оценивания и ее применение в связи и управлении},
  publisher = {М.: Связь},
  year = {1976},
  editor = {},
  author = {\mbox{Сейдж Э., Мелс Дж.}},
  pages = {496}
}

@BOOK{red,
  title = {Справочник по теории автоматического управления: под ред. Красовского А. А.},
  publisher = {М.: Наука},
  year = {1982},
  editor = {},
  author = {},
  pages = {360}
}

@ARTICLE{windrow,
  title = {Адаптивные компенсаторы помех. Принципы применения и построения},
  publisher = {ТИИЭР},
  year = {1975},
  editor = {},
  author = {\mbox{Уидроу Б.}},
  pages = {69-99}
}
@BOOK{monzigo,
  title = {Адаптивные антенные решетки. Введение в теорию},
  publisher = {М.: Радио и связь},
  year = {1986},
  editor = {},
  author = {\mbox{Монзиго Р. А., Миллер Т. У.}},
  pages = {447}
}
@ARTICLE{my5,
  author = {\mbox{Кобрин А. В.}},
  title = {Синтез алгоритма адаптивного буфера компенсации джиттера задержки прибытия пакетов},
  journal = {Сборник научных работ ДонИЖТ},
  year = {2013},
  pages = {38-48},
  number = {34},
  language = {russian}
}


@BOOK{huber,
  title = {Робастность в статистике},
  publisher = {М.: Мир},
  year = {1984},
  editor = {},
  author = {\mbox{Хьюбер П.}},
  pages = {304}
}


@BOOK{tihonov,
  title = {Статицеская радиотехника},
  publisher = {М.: Радио и связь},
  year = {1982},
  editor = {},
  author = {\mbox{Тихонов В. И.}},
  pages = {624}
}





@CONFERENCE{clark,
  author = {\mbox{Alan Clark}},
  title = {Analysis, measurement and modeling of Jitter},
  booktitle = {Telchemy Incorporated},
  year = {2003},
}

@MISC{FMC,
  author = {\mbox{OECD Digital Economy Papers (2012)}},
  title = {Fixed and mobile networks: substitution, complementarity and convergence [Электронный ресурс]},
  howpublished = {Электронные данные},
  note = {Режим доступа: \url{http://dx.doi.org/10.1787/5k91d4jwzg7b-en}. --- Дата
        доступа: 25.07.2013},
  timestamp = {25.07.2013}
}


@BOOK{lte,
  title = {Сети мобильной связи LTE технологии и архитектура},
  publisher = {М.: Эко-Трендз},
  year = {2010},
  editor = {},
  author = {\mbox{Тихвинский В. О., Терентьев C.B., Юрчук А. Б.}},
  pages = {284}
}

@MISC{LteSimDoc,
  author = {\mbox{Centre Tecnològic de Telecomunicacions de Catalunya (CTTC)}},
  title = {LTE Simulator Documentation Release M6 [Электронный ресурс]},
  howpublished = {Электронные данные},
  note = {Режим доступа: \url{http://iptechwiki.cttc.es/images/e/e3/Lte-sim-doc.pdf}. --- Дата
	доступа: 25.07.2013},
  timestamp = {25.07.2013},
  language = {english}
}

@ARTICLE{SAdouble_feedback,
  author = {\mbox{Gene Cheung, Wai-Tian Tan, Takeshi Yoshimura}},
  title = {Double feedback streaming agent for real-time delivery of media over 3G wireless networks},
  journal = {IEEE transactions on multimedia},
  year = {2004},
  volume = {6},
  issue = {2},
  pages = {304-314},
  language = {english}
}

@ARTICLE{SArateOpt,
  author = {\mbox{Philip A. Chou, Zhourong Miao}},
  title = {Rate-distortion optimized streaming of packetized media},
  journal = {IEEE transactions on multimedia},
  year = {2006},
  volume = {8},
  issue = {2},
  pages = {390-404},
  language = {english}
}


@ARTICLE{SArealtime,
  author = {\mbox{Gene Cheung, Wai-Tian Tan, Takeshi Yoshimura}},
  title = {Real-time video transport optimization using streaming agent over 3G wireless networks},
  journal = {IEEE transactions on multimedia},
  year = {2005},
  volume = {7},
  issue = {4},
  pages = {777-785},
  language = {english}
}

@ARTICLE{Friis,
  author = {\mbox{Friis H.T.}},
  title = {A Note on a Simple Transmission Formula},
  journal = {Proceedings of the IRE},
  year = {1946},
  volume = {34},
  issue = {5},
  pages = {254-256},
  language = {english}
}

@MISC{3GPPTS36213,
  author = {\mbox{Recommendation TS 36.213}},
  title = {E-UTRA Physical layer procedures},
  timestamp = {25.07.2013},
  language = {english}
}

@MISC{R1-081483,
  author = {\mbox{Recommendation R1-081483}},
  title = {Conveying MCS and TB size via PDCCH},
  timestamp = {25.07.2013},
  language = {english}
}


@MISC{ TS36104 ,
  author = {\mbox{Recommendation TS 36.104 V8.0.0}},
  title = {3rd Generation Partnership Project; Technical Specification Group Radio Access Network; Evolved Universal Terrestrial Radio Access (E-UTRA); Base Station (BS) radio transmission and reception (Release 8)},
  timestamp = {25.07.2013},
  language = {english}
}


@ARTICLE{iks,
  author = {\mbox{Рэнди Бекер}},
  title = {Тестирование LTE-приемника: ключевые факторы ухудшения распространения сигнала},
  journal = {ИКС},
  year = {2010},
  number = {01-02},
  pages = {82 -83}
}


@MISC{ G1020 ,
  author = {\mbox{Recommendation ITU-T G.1020 (11/03)}},
  title = {Performance parameter definitions for quality of speech and other voiceband applications utilizing IP networks},
  timestamp = {25.07.2013},
  language = {english}
}

@ARTICLE{Moon,
  author = {\mbox{Sue B. Moon, Jim Kurose, Don Towsley}},
  title = {Packet audio playout delay adjustment: performance bounds and algorithms},
  journal = {Multimedia Systems},
  year = {1998},
  number = {6},
  pages = {17-28}
}

@article{jesuspinto1999algorithms,
  added-at = {2011-12-10T12:25:38.000+0100},
  author = {\mbox{Jesus Pinto, Kenneth J. Christensen.}},
  interhash = {7fdc46e52afc5ab5611c6b93c41016aa},
  intrahash = {2360603977a03062262eeadb32db5ef8},
  journal = {Local Computer Networks },
  keywords = {algorithms based packet playout voice},
  pages = {224-231},
  timestamp = {2011-12-10T12:25:38.000+0100},
  title = {An Algorithms for Playout of Packet Voice based on Adaptive Adjustment of Talkspurt Silence Periods},
  year = 1999
}

@article{YoungJongChoChongKwanUn19941385,
title = "Performance analysis of reconstruction algorithms for packet voice communications ",
journal = "Computer Networks and \{ISDN\} Systems ",
volume = "26",
number = "11",
pages = "1385 - 1408",
year = "1994",
note = "",
issn = "0169-7552",
doi = "http://dx.doi.org/10.1016/0169-7552(94)90005-1",
author = "Young-Jong Cho and Chong-Kwan Un",
}

@article{DBLP:journals/iet-com/Gade07,
  author    = {Brita H. Hafskjold Gade},
  title     = {Results for a statistically optimal algorithm for multimedia
               receiver buffers},
  journal   = {IET Communications},
  volume    = {1},
  number    = {6},
  year      = {2007},
  pages     = {1095-1103},
  bibsource = {DBLP, http://dblp.uni-trier.de}
}

@inproceedings{Hafskjold:2003:AAO:963600.963677,
 author = {Hafskjold, Brita H.},
 title = {Anti-run-dry algorithm for optimal control of playoutbuffers},
 booktitle = {Proceedings of the 1st international symposium on Information and communication technologies},
 series = {ISICT '03},
 year = {2003},
 location = {Dublin, Ireland},
 pages = {391--398},
 numpages = {8},
 acmid = {963677},
 publisher = {Trinity College Dublin},
 keywords = {Kalman filter, jitter absorption, playout scheduling, video conferences, voice over IP},
} 

@ARTICLE{Ramjee,
  author = {\mbox{Ramjee R., Kurose J., Towsley D.}},
  title = {Adaptive playout mechanisms for packetized audio applications in wide-area networks},
  journal = {INFOCOM 94},
  year = {1994},
  volume = {2},
  pages = {680-688},
}


@ARTICLE{Chernavskiy,
  author = {\mbox{ Чернавский А.В.}},
  title = {Кусочно линейная аппроксимация вложений многообразий в коразмерностях, больших двух.},
  journal = {Матем. сб.},
  volume = 82,
  number = 3,
  year = {1970},
  pages = {499-500},
  publisher = {М.: Наука},
  language = {russian}
}


@ARTICLE{Rasina,
  author = {\mbox{Расина И.В.}},
  title = {Дискретно-непрерывные модели и оптимизация управляемых процессов.},
  journal = {Программные системы: теория и приложения.},
  year = {2011},
  pages = {49-72},
  publisher = {М.: Наука},
  language = {russian}
}


@CONFERENCE{RobustFilter,
  author = {P. Ruckdeschel},
  title = {Optimally Robust Kalman Filtering},
  booktitle = {Fraunhofer ITWM},
  year = {2010},
}



@ARTICLE{IMS,
  author = {\mbox{Бабин А.И.}},
  title = {Конвергенция стационарной и мобильной связи: взгляд в будущее},
  howpublished = {Электронные данные},
  journal = {Фундаментальные исследования},
  number = {6},
  pages = {124-127},
  timestamp = {06.08.2013},
  language = {russian}
}


@MISC{ericsson,
  author = {\mbox{Ericsson}},
  title = {Ericsson mobility report June 2013 [Электронный ресурс]},
  howpublished = {Электронные данные},
  note = {Режим доступа: \url{http://www.slideshare.net/Ericsson/ericsson-mobility-report-june-2013}. --- Дата
        доступа: 06.08.2013},
  timestamp = {06.08.2013},
  language = {english}
}

@MISC{ericsson_backgrounder,
  author = {\mbox{Ericsson}},
  title = {Press backgrounder VoLTE (January, 2013) [Электронный ресурс]},
  howpublished = {Электронные данные},
  note = {Режим доступа: \url{http://www.ericsson.com/res/thecompany/docs/corpinfo/volte_backgrounder.pdf}. --- Дата
        доступа: 06.08.2013},
  timestamp = {06.08.2013},
  language = {english}
}

@MISC{ericsson_volte,
  author = {\mbox{Ericsson}},
  title = {Voice and video calling over LTE - a step towards future telephony [Электронный ресурс]},
  howpublished = {Электронные данные},
  note = {Режим доступа: \url{http://www.ericsson.com/res/docs/whitepapers/WP-Voice-Video-Calling-LTE.pdf}. --- Дата
        доступа: 06.08.2013},
  timestamp = {06.08.2013},
  language = {english}
}

@MISC{ir92,
  author = {\mbox{Recommendation IR.92}},
  title = { IMS Profile for Voice and SMS V4.0},
  timestamp = {25.07.2013},
  language = {english}
}

@MISC{ir94,
  author = {\mbox{Recommendation IR.94}},
  title = { IMS Profile for Conversational Video},
  timestamp = {25.07.2013},
  language = {english}
}


@ARTICLE{Klekis,
  author = {\mbox{Клёкис Э. А.}},
  title = {Сравнительный анализ алгоритмов фильтрации для помех, содержащих выбросы},
  journal = {Труды Академии наук Литовской ССР. Серия Б.},
  pages = {85-91},
  year = {1985},
  timestamp = {06.08.2013},
  language = {russian}
}

@ARTICLE{masreliez_ieee,
  author = {\mbox{Masreliez C. J.}},
  title = {Approximate non- Gaussian filtering with linear state and observation relations},
  journal = { IEEE Transactions on Automatic Control},
  year = {1975},
  volume = {20},
  number = {1},
  pages = {107-110},
  language = {english}
}

@ARTICLE{masreliez_martin,
  author = {\mbox{Masreliez C. J., Martin R. D.}},
  title = {Robust Bayesian Estimation for the Linear Model and Robustifying the Kalman Filter},
  journal = {IEEE Transactions on Automatic Control},
  year = {1977},
  volume = {22},
  number = {3},
  pages = {361-371},
  language = {english}
}

@ARTICLE{ershov_lipcer,
  author = {\mbox{Ершов А. А., Липцер Р. Ш.}},
  title = {Робастный фильтр Калмана в дискретном времени},
  journal = {Автоматика и телемеханика},
  year = {1978},
  number = {3},
  pages = {60-69},
  language = {russian}
}

@ARTICLE{ershov,
  author = {\mbox{Ершов А. А.}},
  title = { Робастные алгоритмы фильтрации},
  journal = {Автоматика и телемеханика},
  year = {1978},
  number = {7},
  pages = {68-73},
  language = {russian}
}

@ARTICLE{cipkin,
  author = {\mbox{Цыпкин Я. З., Поляк Б. Т.}},
  title = {Огрубленный метод максимального правдоподобия},
  journal = {В кн.: Динамика систем. Математические методы теории колебаний},
  year = {1977},
  number = {22},
  pages = {22-46},
  language = {russian}
}

@MISC{ G107 ,
  author = {\mbox{Recommendation ITU-T G.107 (12/11)}},
  title = {The E-model: a computational model for use in transmission planning},
  timestamp = {25.07.2013},
  language = {english}
}

@MISC{ G114 ,
  author = {\mbox{Recommendation ITU-T G.114 (05/03)}},
  title = {One-way transmission time},
  timestamp = {25.07.2013},
  language = {english}
}

@MISC{ Y1541 ,
  author = {\mbox{Recommendation ITU-T Y.1541 (12/11)}},
  title = {Network performance objectives for IP-based services},
  timestamp = {25.07.2013},
  language = {english}
}

@Article{RePEc:spr:stmapp:v:17:y:2008:i:1:p:13-40,
  author={Helmut Rieder and Matthias Kohl and Peter Ruckdeschel},
  title={The cost of not knowing the radius},
  journal={Statistical Methods and Applications},
  year=2008,
  volume={17},
  number={1},
  pages={13-40},
  month={February},
  keywords={Symmetric location and contamination; Infinitesimal asymmetric neighborhoods; Total variation; conta},
  abstract={No abstract is available for this item.},
  language = {english}
}

@article{huber1,
  year=1968,
  issn={0044-3719},
  journal={Zeitschrift für Wahrscheinlichkeitstheorie und Verwandte Gebiete},
  volume={10},
  number={4},
  title={Robust confidence limits},
  publisher={Springer-Verlag},
  author={Huber, Peter J.},
  pages={269-278},
  language={english}
}

@incollection{huber2,
year=2011,
isbn={978-3-642-04897-5},
booktitle={International Encyclopedia of Statistical Science},
editor={Lovric, Miodrag},
title={Robust Statistics},
publisher={Springer Berlin Heidelberg},
author={Huber, Peter J.},
pages={1248-1251},
  language={english}
}

@article{citeulike:6486145,
    abstract = {This paper contains a new approach toward a theory of robust estimation; it treats in detail the asymptotic theory of estimating a location parameter for contaminated normal distributions, and exhibits estimators--intermediaries between sample mean and sample median--that are asymptotically most robust (in a sense to be specified) among all translation invariant estimators.},
    author = {Huber, Peter J.},
    issn = {0003-4851},
    journal = {Annals of Mathematical Statistics},
    number = {1},
    pages = {73-101},
    posted-at = {2012-04-29 15:00:14},
    priority = {1},
    title = {Robust estimation of a location parameter},
    volume = {35},
    year = {1964},
    language={english}
}

@MISC{LteSimDoc1,
  author = {},
  title = {LTE design documentation for a discrete-event network simulator release ns-3.17 [Электронный ресурс]},
  howpublished = {Электронные данные},
  note = {Режим доступа: \url{http://www.nsnam.org/docs/release/3.17/models/html/lte-design.html}. --- Дата
        доступа: 25.07.2013},
  timestamp = {25.07.2013},
  language={english}
}


@MISC{matlab,
  title = {http://www.mathworks.com/‎ [Электронный ресурс]},
  timestamp = {25.07.2013},
  language={english}
}

@MISC{ns3,
  title = {http://www.nsnam.org [Электронный ресурс]},
  timestamp = {25.07.2013},
  language={english}
}

@MISC{octave,
  title = {http://www.gnu.org/software/octave/ [Электронный ресурс]},
  timestamp = {25.07.2013},
  language={english}
}

@MISC{mathcad,
  title = {http://www.ptc.com/product/mathcad/‎ [Электронный ресурс]},
  timestamp = {25.07.2013},
  language={english}
}

@MISC{maple,
  title = {http://www.maplesoft.com/‎ [Электронный ресурс]},
  timestamp = {25.07.2013},
  language={english}
}